book{womak:lean-thinking,
  author = {James P. Womack, Daniel T. Jones},
  title = {Lean Thinking, Second Editon},
  publisher = {Simon \& Schuster, Inc.},
  year = {2010}
}

@online{site:tiobe,
  title = {\href{https://www.tiobe.com/tiobe-index/}{TIOBE Index}},
  note = {(Ultimo accesso: 2024-12-05)}
}

@online{site:m31,
  title = {\href{https://www.m31.com}{m31.com}},
  note = {(Ultimo accesso: 2024-12-05)}
}

@article{article:ecg-paper,
  author = {Śmigiel Sandra and Krzysztof Pałczyński and Damian Ledziński},
  journal = {Entropy},
  number = {9},
  title = {ECG Signal Classification Using Deep Learning Techniques Based on the PTB-XL Dataset},
  volume = {23},
  year = {2021},
  doi = {10.3390/e23091121},
}